@misc{Instruction_experiment_M6,
 author = {{Department of Physics, Institute 2 The Faculty of Mathematics and Natural Sciences at RWTH Aachen University,  May 2013 (Update 2017).}},
 editor = {....},
 year = {Retrieved on: 08.05.2021},
 title = {{Microwave measurements an advanced physics lab\\ experiment}: Url.:  \url{https://moodle.rwth-aachen.de/pluginfile.php/1374006/mod_resource/content/1/M6_HF_manual.pdf}},
 urldate = {08.05.2021},
 edition = { May 2013 (Update 2017)},
 
}



